@incollection{jurg14,
year={2014},
isbn={978-3-319-09703-9},
booktitle={Descriptional Complexity of Formal Systems},
volume={8614},
series={Lecture Notes in Computer Science},
editor={Jürgensen, Helmut and Karhumäki, Juhani and Okhotin, Alexander},
doi={10.1007/978-3-319-09704-6_26},
title={Operational State Complexity under Parikh Equivalence},
url={http://dx.doi.org/10.1007/978-3-319-09704-6_26},
publisher={Springer International Publishing},
keywords={state complexity; regular languages; Parikh equivalence; context-free grammars; semilinear sets},
author={Lavado, GiovannaJ. and Pighizzini, Giovanni and Seki, Shinnosuke},
pages={294-305},
language={English}
}
